<record><leader>00000cas a22000007a 4500</leader><controlfield tag="001">31366085</controlfield><controlfield tag="008">941027d18861uuumauwr ne      0    0eng d</controlfield><datafield ind1=" " ind2=" " tag="010"><subfield code="a">sn 94055649 </subfield></datafield><datafield ind1=" " ind2=" " tag="040"><subfield code="a">MGN</subfield><subfield code="b">eng</subfield><subfield code="c">MGN</subfield><subfield code="d">OCL</subfield><subfield code="d">OCLCQ</subfield><subfield code="d">OCLCF</subfield><subfield code="d">OCLCO</subfield></datafield><datafield ind1="1" ind2=" " tag="029"><subfield code="a">AU@</subfield><subfield code="b">000011357939</subfield></datafield><datafield ind1=" " ind2=" " tag="042"><subfield code="a">msc</subfield></datafield><datafield ind1=" " ind2=" " tag="043"><subfield code="a">n-us-ma</subfield></datafield><datafield ind1="0" ind2="0" tag="245"><subfield code="a">Shelburne Falls gazette.</subfield></datafield><datafield ind1=" " ind2=" " tag="260"><subfield code="a">Shelburne Falls, Mass. :</subfield><subfield code="b">J.L. Goldsmith</subfield></datafield><datafield ind1=" " ind2=" " tag="300"><subfield code="a">v.</subfield></datafield><datafield ind1=" " ind2=" " tag="310"><subfield code="a">Weekly</subfield></datafield><datafield ind1="1" ind2=" " tag="362"><subfield code="a">Began in Sept. 1886?</subfield></datafield><datafield ind1=" " ind2=" " tag="500"><subfield code="a">Editor: E.P. Hadley.</subfield></datafield><datafield ind1=" " ind2=" " tag="588"><subfield code="a">Description based on: Vol. 1, no. 4 (Sept. 18, 1886).</subfield></datafield><datafield ind1=" " ind2="0" tag="651"><subfield code="a">Shelburne Falls (Mass.)</subfield><subfield code="v">Newspapers.</subfield></datafield><datafield ind1=" " ind2="7" tag="655"><subfield code="a">Newspapers.</subfield><subfield code="2">fast</subfield><subfield code="0">(OCoLC)fst01423814</subfield></datafield><datafield ind1=" " ind2="7" tag="651"><subfield code="a">Massachusetts</subfield><subfield code="z">Shelburne Falls.</subfield><subfield code="2">fast</subfield><subfield code="0">(OCoLC)fst01225036</subfield></datafield><datafield ind1=" " ind2=" " tag="752"><subfield code="a">United States</subfield><subfield code="b">Massachusetts</subfield><subfield code="c">Franklin</subfield><subfield code="d">Shelburne.</subfield></datafield><datafield ind1=" " ind2=" " tag="752"><subfield code="a">United States</subfield><subfield code="b">Massachusetts</subfield><subfield code="c">Franklin</subfield><subfield code="d">Shelburne Falls.</subfield></datafield><datafield ind1="0" ind2="0" tag="780"><subfield code="t">North-Western Mass. gazette</subfield><subfield code="w">(DLC)sn 94055648</subfield><subfield code="w">(OCoLC)31365354</subfield></datafield></record>